@manual{inmetro2003,
	Author = {INMETRO},
	Title = {Vocabulário internacional de termos fundamentais e gerais de
	metrologia},
	Year = {2013},
	Address = {Rio de Janeiro, Brasil},
	Pages = {75},
	isbn = {85-87090-90-9},
}



@inproceedings{soviero1997,
	Author = {P. A. O. Soviero and L. G. M. Lavagna},
	Title = {A Numerical Model for Thin Airfoils in Unsteady Motion},
	Year = {1997},
	Pages = {332-340},
	Volume = {19},
	Number = {3},
	Booktitle = {Journal of the Brazilian Societyt Mechanical Sciences},	
}

@inproceedings{isobe2014human,
  title={Human following with a mobile robot based on combination of disparity and color images},
  author={Isobe, Yuzuka and Masuyama, Gakuto and Umeda, Kazunori},
  booktitle={Mecatronics (MECATRONICS), 2014 10th France-Japan/8th Europe-Asia Congress on},
  pages={84--88},
  year={2014},
  organization={IEEE}
}



@article{clark1986,
	Author = {J. A. Clark},
	Title = {Private Communication},
	Year = {1986},
	Address = {University of Michigan},
}

@article{arruda2007,
	Author = {M. B. B. Arruda},
	Title = {Como fazer referências: bibliográficas, eletrônicas e demais
	formas de documentos},
	Year = {2016},
	Url = {http://bu.ufsc.br/framerefer.html}
}

@article{wescott2000,
	Author = {Tim Wescott},
    Title = {PID without a PhD},
    Year = {2000},
    Address = {EE Times-India},
    Url = {http://manuals.chudov.com/Servo-Tuning/PID-without-a-PhD.pdf}
}

@inproceedings{takemura2007person,
  title={Person following mobile robot under varying illumination based on distance and color information},
  author={Takemura, Hiroshi and Ito, Keita and Mizoguchi, Hiroshi},
  booktitle={Robotics and Biomimetics, 2007. ROBIO 2007. IEEE International Conference on},
  pages={1500--1505},
  year={2007},
  organization={IEEE}
}

@article{unb2015,
	Author = {{UnB}},
    Title = {Relatório de Gestão do Exercício de 2015 - \relax Decanato de Planejamento e Or\c{c}amento},
    Year = {2015},
    Address = {Brasília},
    Url = {http://www.dpo.unb.br/documentos/Relatorio_Gestao_2015.pdf},
}

@article{min2015active,
  title={Active Antenna Tracking System with Directional Antennas for Enhancing Wireless Communication Capabilities of a Networked Robotic System},
  author={Min{,} Byung-Cheol and Matson, Eric T and Jung, Jin-Woo},
  journal={Journal of Field Robotics},
  year={2015},
  publisher = {Wiley Online Library}
}

@article{ibge2010,
	Author = {{\relax IBGE}},
    publisher = {Instituto Brasileiro de Geografia e Estatística},
    Title = {CENSO DEMOGRÁFICO 2010},
    Year = {2010},
    Url = {ftp://ftp.ibge.gov.br/Censos/Censo_Demografico_2010/Caracteristicas_Gerais_Religiao_Deficiencia/caracteristicas_religiao_deficiencia.pdf}

}

@article{abnt2004,
	Author = {{\relax ABNT}},
    publisher = {ASSOCIAÇÃO BRASILEIRA DE NORMAS TÉCNICAS (ABNT). NBR 9050},
    Year = {2001},
    Title = {Acessibilidade a edificações, mobiliário, espaços e equipamentos urbanos.}, 	Address = {Rio de Janeiro},
}

@article{calcar,
	Author = {Ben Chu, Mikhail Podust, Stephen Tu},
    Year = {2009},
    Title = {Cal Autonomous C.A.R.. University of California at Berkeley, Department of Mechanical Engineering}
}

@article {abve,
	Author = {{\relax Associação Brasileira do Veiculo Elétrico}},
    Url = {http://www.abve.org.br/},
    }
    
@BOOK {HALLIDAY1996,
	Author = {David Halliday, Roberto Resnick, Jearl Walker},
    Year = {1996},
    Title = {Fundamentos de Física}, 
    Edition = {fourth},
    Pages = {330},
  	}
    
@book{abran2001guide,
  title={Guide to the software engineering body of knowledge-SWEBOK},
  author={Abran, Alain and Bourque, Pierre and Dupuis, Robert and Moore, James W},
  year={2001},
  publisher={IEEE Press},
}

@article {maqel,
	author = {ARNOLD, R.; STREHR},
    title = {W. Máquinas elétricas},
    year = {1976},
}    

@article {prentice,
	author = {COGDELL, J.R},
    title = {FOUNDATIONS OF ELECTRIC POWER},    
    Url = {https://cdn.hackaday.io/files/9127390489568/Motores_CC_ind1.pdf},
    year = {2016},
    }
    
  @article {Costa,
  	author = {Costa, R. J. P. },
    title = {Automatização de um carrinho de compras},
    Url ={http://recipp.ipp.pt/bitstream/10400.22/2592/1/DM_RicardoCosta_2011_MEESE.pdf},
    year = {2016},
    }  

@article {flipeflop,
	author = {Flipeflop},
    title = {Sensor de Distância Ultrassônico HC-SR04},    
    Url = {http://www.filipeflop.com/pd-6b8a2-sensor-de-distancia-ultrassonico-hc-sr04.html},
    year = {2016},
    }
    
@article {mecaweb,
	author = {Mecaweb},
    title = {PWM - Pulse Width Modulation},    
    Url = {http://www.mecaweb.com.br/eletronica/content/e_pwm},
    year = {2016},
    }
    
@manual{STA,
	tittle= {Manual de Baterias Recarregáveis},
    Url= {http://www.sta-eletronica.com.br/artigos/tipos-de-baterias},
    year = {2016},
    }

@article {blog_defic,
	author = {{\relax Blog Deficiente Cliente}},
    title = {Carrinho de supermercado para cadeirantes},    
    Url = {http://www.deficienteciente.com.br/carrinho-de-supermercado-para-cadeirantes.html},
    year = {2016},
    }

@article {newtoncbraga,
	author = {NEWTONCBRAGA},
    title = {Ponte-H},    
    Url = {http://www.newtoncbraga.com.br/index.php/110-mecatronica/robotica/1213-ponte-h-com-pwm},
    year = {2016},
    }
    
@article {blog_cadeir,
	author = {{\relax Blog do cadeirante}},
    title = {Fazendo compras},    
    Url = {http://www.blogdocadeirante.com.br/2010/03/fazendo-compras.html},
    year = {2016},
}

@article {lappis,
	author = {{Lappis Unb}},
    title = {Plano de gerenciamento de riscos},    
    Url = {http://lappis.unb.br/redmine/projects/grupo-6-purrsuit-deputado-stalker/wiki/Plano_de_Gerenciamento_de_Risco},
    year = {2016},
}

@article {lappis_tap,
	author = {{Lappis UnB}},
    title = {Termo de Abertura de projeto},    
    Url = {http://lappis.unb.br/redmine/projects/grupo-6-purrsuit-deputado-stalker/wiki/Termo_de_Abertura_do_Projeto},
    year = {2016},
}

@book{Projmec,
  title={Projeto de Engenharia Mecânica},
  author={Shigley, Joseph E. and Mischke, Charles R. and Budynas, Richard G.},
  year={2005},
  publisher={Bookman},
}

@book{Projmaq,
  title={Projeto de Máquinas - Uma abordagem Integrada},
  author={Norton, Robert L.},
  year={2013},
  publisher={Bookman},
}

@misc{pmbok2013guia,
  title={Um guia do conhecimento em gerenciamento de projetos},
  author={PMBOK, GUIDE},
  year={2013},
  publisher={Newton Square (USA): Project Management Institute-PMI}
}

